@article{villani2004trend,
  title={Trend to equilibrium for dissipative equations, functional inequalities and mass transportation},
  author={Villani, Cedric},
  journal={Contemporary Mathematics},
  volume={353},
  pages={95},
  year={2004},
  publisher={Providence, RI: American Mathematical Society}
}